@misc{daniel_repo:online,
author = {},
title = {dmolina/cec2017real: Repository with source code and tools for comparing metaheuristics using the CEC'2017 benchmark from https://github.com/P-N-Suganthan/CEC2017-BoundContrained (For teaching)},
howpublished = {\url{https://github.com/dmolina/cec2017real}},
month = {},
year = {},
note = {(Accessed on 19/06/2021)}
}

@misc{repositorio:online,
author = {},
title = {SergioQuijanoRey/PracticaFinalMetaheuristicas: Repositorio para alojar el código de la práctica alternativa al examen de Metaheurísticas},
howpublished = {\url{https://github.com/SergioQuijanoRey/PracticaFinalMetaheuristicas}},
month = {},
year = {},
note = {(Accessed on 19/06/2021)}
}


@article{other_paper:paper,
author = "Taymaz Rahkar Farshi",
title = "Battle royale optimization algorithm",
journal = "Springer, Neural Computing and Applications",
year = 2020,
DOI = "https://doi.org/10.1007/s00521-020-05004-4",
}
